% Inicio das Referencias - AB

%%%% C

@article{Calheiros:2011,
author = {Calheiros, Rodrigo N. and Ranjan, Rajiv and Beloglazov, Anton and De Rose, CÃ©sar A. F. and Buyya, Rajkumar},
title = {CloudSim: A Toolkit for Modeling and Simulation of Cloud Computing Environments and Evaluation of Resource Provisioning Algorithms},
journal = {Softw. Pract. Exper.},
issue_date = {January 2011},
volume = {41},
number = {1},
month = jan,
year = {2011},
issn = {0038-0644},
pages = {23--50},
numpages = {28},
doi = {10.1002/spe.995},
acmid = {1951450},
publisher = {John Wiley \& Sons, Inc.},
address = {New York, NY, USA},
} 

@INPROCEEDINGS{Chao:2008, 
author={Chao Ma and Yanxiang He and Naixue Xiong}, 
booktitle={Asia-Pacific Services Computing Conference, 2008. APSCC '08. IEEE}, 
title={MPACP: An Approach for Automatic Matching of Parallel Application Communication Patterns}, 
year={2008}, 
pages={1517-1522}, 
doi={10.1109/APSCC.2008.54}, 
month={Dec},
}



%%%% G

@article{Elliott:2009,
 author = {Elliott, Chip and Falk, Aaron},
 title = {An Update on the GENI Project},
 journal = {SIGCOMM Comput. Commun. Rev.},
 issue_date = {July 2009},
 volume = {39},
 number = {3},
 month = jun,
 year = {2009},
 issn = {0146-4833},
 pages = {28--34},
 numpages = {7},
 url = {http://doi.acm.org/10.1145/1568613.1568620},
 doi = {10.1145/1568613.1568620},
 acmid = {1568620},
 publisher = {ACM},
 address = {New York, NY, USA},
 keywords = {experimental research, network science and, prototyping, testbed},
}

@INPROCEEDINGS{Gupta:2013, 
author={Gupta, A. and Kale, L.V. and Milojicic, D. and Faraboschi, P. and Balle, S.M.}, 
booktitle={Cloud Engineering (IC2E), 2013 IEEE International Conference on}, 
title={HPC-Aware VM Placement in Infrastructure Clouds}, 
year={2013}, 
pages={11-20}, 
keywords={cloud computing;contracts;parallel processing;scheduling;virtual machines;HPC-agnostic cloud scheduling;HPC-aware VM placement;HPC-aware scheduler;SLA;VM consolidation;application-aware consolidation;cloud offering;cloud provider;cloud simulator;computing requirement;cross-VM interference accounting;high performance computing;infrastructure cloud;jitter effect;job throughput;open stack compute;service level agreement;virtual machines;Hardware;Interference;Memory management;Resource management;Scheduling algorithms;Servers;Topology;Cloud;High Performance Computing;Placement;Scheduling;consolidation;simulation;virtual machines}, 
doi={10.1109/IC2E.2013.38}, 
month={March},
}

@ARTICLE{Gupta:2014, 
author={Gupta, A. and Faraboschi, P. and Gioachin, F. and Kale, L.V. and Kaufmann, R. and Lee, B.-S. and March, V. and Milojicic, D. and Suen, C.H.}, 
journal={Cloud Computing, IEEE Transactions on}, 
title={Evaluating and Improving the Performance and Scheduling of HPC Applications in Cloud}, 
year={2014}, 
volume={PP}, 
number={99}, 
pages={1-1}, 
keywords={Bandwidth;Benchmark testing;Cloud computing;Clouds;Jacobian matrices;Supercomputers;Virtualization}, 
doi={10.1109/TCC.2014.2339858}, 
ISSN={2168-7161}, 
month={},
}


%%%% H

@inproceedings{Handigol:2012,
author = {Handigol, Nikhil and Heller, Brandon and Jeyakumar, Vimalkumar and Lantz, Bob and McKeown, Nick},
title = {Reproducible Network Experiments Using Container-based Emulation},
booktitle = {Proceedings of the 8th International Conference on Emerging Networking Experiments and Technologies},
series = {CoNEXT '12},
year = {2012},
isbn = {978-1-4503-1775-7},
location = {Nice, France},
pages = {253--264},
numpages = {12},
url = {http://doi.acm.org/10.1145/2413176.2413206},
doi = {10.1145/2413176.2413206},
acmid = {2413206},
publisher = {ACM},
address = {New York, NY, USA},
} 



%%%% K

@INPROCEEDINGS{Kliazovich:2010, 
author={Kliazovich, D. and Bouvry, P. and Audzevich, Y. and Khan, S.U.}, 
booktitle={Global Telecommunications Conference (GLOBECOM 2010), 2010 IEEE}, 
title={GreenCloud: A Packet-Level Simulator of Energy-Aware Cloud Computing Data Centers}, 
year={2010}, 
pages={1-5},  
doi={10.1109/GLOCOM.2010.5683561}, 
ISSN={1930-529X}, 
month={Dec},
}



%%%% M

@article{McKeown:2008,
author = {McKeown, Nick and Anderson, Tom and Balakrishnan, Hari and Parulkar, Guru and  Peterson, Larry and Rexford, Jennifer and Shenker, Scott and Turner, Jonathan},
title = {OpenFlow: Enabling Innovation in Campus Networks},
journal = {SIGCOMM Comput. Commun. Rev.},
issue_date = {April 2008},
volume = {38},
number = {2},
month = mar,
year = {2008},
issn = {0146-4833},
pages = {69--74},
numpages = {6},
doi = {10.1145/1355734.1355746},
acmid = {1355746},
publisher = {ACM},
address = {New York, NY, USA},
}

%%%% N

@INPROCEEDINGS{Niu:2013, 
author={Shuangcheng Niu and Jidong Zhai and Xiaosong Ma and Xiongchao Tang and Wenguang Chen}, 
booktitle={High Performance Computing, Networking, Storage and Analysis (SC), 2013 International Conference for}, 
title={Cost-effective cloud HPC resource provisioning by building Semi-Elastic virtual clusters}, 
year={2013}, 
pages={1-12}, 
month={Nov},
}






